@misc{reactiveManifesto,
	author={Various Authors},
	title = {{The reactive manifesto}},
	howpublished = {\url{http://www.reactivemanifesto.org/}},
	note = {last accessed: 23-08-2017}
}

@misc{dagred3,
	author={Chris Pettitt},
	title = {{dagre-d3}},
	howpublished = {\url{https://github.com/cpettitt/dagre-d3}},
	note = {last accessed: 14-09-2017}
}

@misc{devtools,
	author={Google},
	title = {{Chrome Developer Tools}},
	howpublished = {\url{https://developer.chrome.com/devtools}},
	note = {last accessed: 23-08-2017}
}

@misc{debugrxjsblog,
	author={Angular University},
	title = {{How to debug RxJS}},
	howpublished = {\url{http://blog.angular-university.io/debug-rxjs/}},
	note = {last accessed: 10-09-2017}
}
@misc{rxvision,
	author={Jared Forsyth},
	title = {{RxVision}},
	howpublished = {\url{https://github.com/jaredly/rxvision}},
	note = {last accessed: 10-09-2017}
}
@misc{rxvisionplayground,
	author={Jared Forsyth},
	title = {{RxVision playground}},
	howpublished = {\url{https://jaredforsyth.com/rxvision/examples/playground/}},
	note = {last accessed: 10-09-2017}
}

@misc{prototype,
	author={Mozilla},
	title = {{Javascript Object Prototype}},
	howpublished = {\url{https://developer.mozilla.org/en-US/docs/Web/JavaScript/Reference/Global_Objects/Object/prototype}},
	note = {last accessed: 10-09-2017}
}

@misc{firefox,
	author={Mozilla},
	title = {{Mozilla Firefox}},
	howpublished = {\url{https://www.mozilla.org/en-US/firefox/new/}},
	note = {last accessed: 10-09-2017}
}

@misc{chrome-storage,
	author={Google},
	title = {{Chrome Storage}},
	howpublished = {\url{https://developer.chrome.com/apps/storage}},
	note = {last accessed: 10-09-2017}
}
@misc{rxfiddle,
	author={Herman Banken},
	title = {{RxFiddle}},
	howpublished = {\url{https://github.com/hermanbanken/RxFiddle}},
	note = {last accessed: 10-09-2017}
}

@misc{contentscripts,
	author={Google},
	title = {{Content Scripts}},
	howpublished = {\url{https://developer.chrome.com/extensions/content_scripts}},
	note = {last accessed: 08-09-2017}
}


@misc{devtoolsextension,
	author={Google},
	title = {{Extending DevTools}},
	howpublished = {\url{https://developer.chrome.com/extensions/devtools}},
	note = {last accessed: 23-08-2017}
}

@misc{devtoolsmanifestfile,
	author={Google},
	title = {{Manifest file}},
	howpublished = {\url{https://developer.chrome.com/extensions/manifest}},
	note = {last accessed: 23-08-2017}
}

@misc{rxJava,
	author={ReactiveX},
	title = {{RxJava}},
	howpublished = {\url{https://github.com/ReactiveX/RxJava/}},
	note = {last accessed: 06-09-2017}
}

@misc{linq,
	author={Microsoft},
	title = {{LINQ}},
	howpublished = {\url{https://msdn.microsoft.com/en-us/library/bb308959.aspx?f=255&MSPPError=-2147217396}},
	note = {last accessed: 06-09-2017}
}
@misc{rxjs,
	author={ReactiveX},
	title = {{RxJs}},
	howpublished = {\url{https://github.com/ReactiveX/rxjs}},
	note = {last accessed: 06-09-2017}
}


@misc{ECMAScript,
	author={Various Authors},
	title = {{ECMAScript}},
	howpublished = {\url{http://es6-features.org/}},
	note = {last accessed: 23-08-2017}
}

@INPROCEEDINGS{6068340, 
	author={A. Taivalsaari and T. Mikkonen}, 
	booktitle={2011 37th EUROMICRO Conference on Software Engineering and Advanced Applications}, 
	title={The Web as an Application Platform: The Saga Continues}, 
	year={2011}, 
	pages={170-174}, 
	keywords={Internet;Web sites;document handling;HTML5;Saga;Web technologies;WebGL;World Wide Web;application platform;binary programs;content distribution environment;document sharing system;end user software;information distribution;information sharing;interactive Web applications;software platform;Browsers;Graphics;Software;Standards;Three dimensional displays;Web pages;HTML5;WebGL;web evolution;web programming;web-based software development}, 
	doi={10.1109/SEAA.2011.35}, 
	ISSN={1089-6503}, 
	month={Aug},}

@Inbook{Cooper2006,
	author="Cooper, Gregory H.
	and Krishnamurthi, Shriram",
	editor="Sestoft, Peter",
	title="Embedding Dynamic Dataflow in a Call-by-Value Language",
	bookTitle="Programming Languages and Systems: 15th European Symposium on Programming, ESOP 2006, Held as Part of the Joint European Conferences on Theory and Practice of Software, ETAPS 2006, Vienna, Austria, March 27-28, 2006. Proceedings",
	year="2006",
	publisher="Springer Berlin Heidelberg",
	address="Berlin, Heidelberg",
	pages="294--308",
	abstract="This paper describes FrTime, an extension of Scheme designed for writing interactive applications. Inspired by functional reactive programming, the language embeds dynamic dataflow within a call-by-value functional language. The essence of the embedding is to make program expressions evaluate to nodes in a dataflow graph. This strategy eases importation of legacy code and permits incremental program construction. We have integrated FrTime with the DrScheme programming environment and have used it to develop several novel applications. We describe FrTime's design and implementation in detail and present a formal semantics of its evaluation model.",
	isbn="978-3-540-33096-7",
	doi="10.1007/11693024_20",
	url="https://doi.org/10.1007/11693024_20"
}

@INPROCEEDINGS{7818919, 
	author={S. Bosnic and I. Papp and S. Novak}, 
	booktitle={2016 24th Telecommunications Forum (TELFOR)}, 
	title={The development of hybrid mobile applications with Apache Cordova}, 
	year={2016}, 
	pages={1-4}, 
	keywords={mobile computing;smart phones;Apache Cordova;SDK;hybrid mobile applications;mobile platform;platform-specific native container;programming language;single codebase;Androids;Graphics;Humanoid robots;Mobile applications;Performance evaluation;Random access memory;Testing;Angular JS;Cordova;Ionic;hybrid;mobile application}, 
	doi={10.1109/TELFOR.2016.7818919}, 
	month={Nov},}

@inproceedings{Salvaneschi:2016:DRP:2889160.2893174,
	author = {Salvaneschi, Guido and Mezini, Mira},
	title = {Debugging Reactive Programming with Reactive Inspector},
	booktitle = {Proceedings of the 38th International Conference on Software Engineering Companion},
	series = {ICSE '16},
	year = {2016},
	isbn = {978-1-4503-4205-6},
	location = {Austin, Texas},
	pages = {728--730},
	numpages = {3},
	url = {http://doi.acm.org/10.1145/2889160.2893174},
	doi = {10.1145/2889160.2893174},
	acmid = {2893174},
	publisher = {ACM},
	address = {New York, NY, USA},
	keywords = {debugging, functional-reactive programming},
} 

@misc{reactiveInspector,
	author={Salvaneschi, Guido},
	title = {{Reactive Inspector}},
	howpublished = {\url{https://guidosalva.github.io/reactive-inspector/}},
	note = {last accessed: 26-08-2017}
}

@misc{reactiveX,
	author={Microsoft},
	title = {{ReactiveX}},
	howpublished = {\url{http://reactivex.io/intro.html}},
	note = {last accessed: 26-08-2017}
}

@misc{baconBlog,
	author={Federico Knüssel},
	title = {{BaconJsBlog}},
	howpublished = {\url{https://medium.com/@fknussel/event-streams-vs-properties-e55b53be8f42}},
	note = {last accessed: 31-08-2017}
}

@misc{baconjs,
	author={Bacon},
	title = {{Bacon.js}},
	howpublished = {\url{https://baconjs.github.io/. }},
	note = {last accessed: 31-08-2017}
}

@misc{debugRxJS,
	author={André Staltz},
	title = {{How to debug RxJS code}},
	howpublished = {\url{https://staltz.com/how-to-debug-rxjs-code.html}},
	note = {last accessed: 07-09-2017}
}

@misc{hoffman2000data,
	title={Data processing system and method for debugging a JavaScript program},
	author={Hoffman, R.D.},
	url={https://www.google.com/patents/US6061518},
	year={2000},
	month=may # "~9",
	publisher={Google Patents},
	note={US Patent 6,061,518}
}

@inproceedings{Sen:2013:JSR:2491411.2491447,
	author = {Sen, Koushik and Kalasapur, Swaroop and Brutch, Tasneem and Gibbs, Simon},
	title = {Jalangi: A Selective Record-replay and Dynamic Analysis Framework for JavaScript},
	booktitle = {Proceedings of the 2013 9th Joint Meeting on Foundations of Software Engineering},
	series = {ESEC/FSE 2013},
	year = {2013},
	isbn = {978-1-4503-2237-9},
	location = {Saint Petersburg, Russia},
	pages = {488--498},
	numpages = {11},
	url = {http://doi.acm.org/10.1145/2491411.2491447},
	doi = {10.1145/2491411.2491447},
	acmid = {2491447},
	publisher = {ACM},
	address = {New York, NY, USA},
	keywords = {Concolic Testing, Dynamic Analysis, JavaScript, Record and Repla},
} 

@misc{observable,
	author={ReactiveX},
	title = {{Observable}},
	howpublished = {\url{http://reactivex.io/rxjs/class/es6/Observable.js~Observable.html}},
	note = {last accessed: 31-08-2017}
}

@misc{angularjs,
	author={Google},
	title = {{AngularJS}},
	howpublished = {\url{https://angularjs.org/}},
	note = {last accessed: 31-08-2017}
}

@misc{oracleDebugger,
	author={Oracle},
	title = {{Oracle Debugger}},
	howpublished = {\url{http://docs.oracle.com/javase/7/docs/technotes/tools/windows/jdb.html}},
	note = {last accessed: 31-08-2017}
}

@misc{gnuDebugger,
	author={P. N. Hilfinger},
	title = {{GNU Debugger}},
	howpublished = {\url{http://people.eecs.berkeley.edu/~jrs/61bf98/reader/ucb/gdb.pdf}},
	note = {last accessed: 31-08-2017}
}

@misc{reactiveSubjects,
	author={Microsoft},
	title = {{ReactiveX Subjects}},
	howpublished = {\url{http://reactivex.io/documentation/subject.html}},
	note = {last accessed: 26-08-2017}
}

@misc{callbackHell,
	author={Various Authors},
	title = {{Callback Hell}},
	howpublished = {\url{http://callbackhell.com/}},
	note = {last accessed: 26-08-2017}
}

@misc{introToRP,
	author={André Staltz},
	title = {{The introduction to Reactive Programming you've been missing}},
	howpublished = {\url{https://gist.github.com/staltz/868e7e9bc2a7b8c1f754}},
	note = {last accessed: 26-08-2017}
}

@misc{whyFRP,
	author={Stephen Blackheath},
	title = {{Why (Functional) Reactive Programming?}},
	howpublished = {\url{http://blog.reactiveprogramming.org/wp-uploads/2013/12/FRP4.pdf}},
	note = {last accessed: 26-08-2017}
}

@misc{ajaxANewWayToWP,
	author={Jesse James Garrett},
	title = {{Ajax: A New Approach to Web Applications}},
	howpublished = {\url{http://adaptivepath.org/ideas/ajax-new-approach-web-applications/}},
	note = {last accessed: 26-08-2017}
}

@misc{understandingObserverPattern,
	author={Ignatius Teo},
	title = {{Understanding the Observer Pattern}},
	howpublished = {\url{https://www.sitepoint.com/understanding-the-observer-pattern//}},
	note = {last accessed: 26-08-2017}
}

@misc{RPvsFP,
	author={Val Huber},
	title = {{How Is Reactive Different From Procedural Programming?}},
	howpublished = {\url{http://insights.dice.com/2014/01/13/how-is-reactive-different-from-procedural-programming/}},
	note = {last accessed: 26-08-2017}
}

@misc{promiseKeyword,
	author={Wikipedia},
	title = {{Futures and promises}},
	howpublished = {\url{https://en.wikipedia.org/wiki/Futures_and_promises}},
	note = {last accessed: 26-08-2017}
}


@inproceedings{Gifford:1986:IFI:319838.319848,
	author = {Gifford, David K. and Lucassen, John M.},
	title = {Integrating Functional and Imperative Programming},
	booktitle = {Proceedings of the 1986 ACM Conference on LISP and Functional Programming},
	series = {LFP '86},
	year = {1986},
	isbn = {0-89791-200-4},
	location = {Cambridge, Massachusetts, USA},
	pages = {28--38},
	numpages = {11},
	url = {http://doi.acm.org/10.1145/319838.319848},
	doi = {10.1145/319838.319848},
	acmid = {319848},
	publisher = {ACM},
	address = {New York, NY, USA},
} 

@inproceedings{Margara:2014:WDD:2611286.2611290,
	author = {Margara, Alessandro and Salvaneschi, Guido},
	title = {We Have a DREAM: Distributed Reactive Programming with Consistency Guarantees},
	booktitle = {Proceedings of the 8th ACM International Conference on Distributed Event-Based Systems},
	series = {DEBS '14},
	year = {2014},
	isbn = {978-1-4503-2737-4},
	location = {Mumbai, India},
	pages = {142--153},
	numpages = {12},
	url = {http://doi.acm.org/10.1145/2611286.2611290},
	doi = {10.1145/2611286.2611290},
	acmid = {2611290},
	publisher = {ACM},
	address = {New York, NY, USA},
	keywords = {consistency guarantees, distributed reactive programming, dream, event-based middleware, glitch-freedom},
} 

@article{Bainomugisha:2013:SRP:2501654.2501666,
	author = {Bainomugisha, Engineer and Carreton, Andoni Lombide and Cutsem, Tom van and Mostinckx, Stijn and Meuter, Wolfgang de},
	title = {A Survey on Reactive Programming},
	journal = {ACM Comput. Surv.},
	issue_date = {August 2013},
	volume = {45},
	number = {4},
	month = aug,
	year = {2013},
	issn = {0360-0300},
	pages = {52:1--52:34},
	articleno = {52},
	numpages = {34},
	url = {http://doi.acm.org/10.1145/2501654.2501666},
	doi = {10.1145/2501654.2501666},
	acmid = {2501666},
	publisher = {ACM},
	address = {New York, NY, USA},
	keywords = {Reactive programming, dataflow programming, event-driven applications, functional reactive programming, interactive applications, reactive systems},
} 

@article{deprecatingTheObserverPattern,
	author = {Maier, Ingo and Rompf, Tiark and Odersky, Martin},
	year = {2010},
	month = {01},
	pages = {},
	title = {Deprecating the Observer Pattern}
}

@inproceedings{Salvaneschi:2014:ESP:2635868.2635895,
	author = {Salvaneschi, Guido and Amann, Sven and Proksch, Sebastian and Mezini, Mira},
	title = {An Empirical Study on Program Comprehension with Reactive Programming},
	booktitle = {Proceedings of the 22Nd ACM SIGSOFT International Symposium on Foundations of Software Engineering},
	series = {FSE 2014},
	year = {2014},
	isbn = {978-1-4503-3056-5},
	location = {Hong Kong, China},
	pages = {564--575},
	numpages = {12},
	url = {http://doi.acm.org/10.1145/2635868.2635895},
	doi = {10.1145/2635868.2635895},
	acmid = {2635895},
	publisher = {ACM},
	address = {New York, NY, USA},
	keywords = {Controlled Experiment, Empirical Study, Reactive Programming},
} 

@article{Meyerovich:2009:FPL:1639949.1640091,
	author = {Meyerovich, Leo A. and Guha, Arjun and Baskin, Jacob and Cooper, Gregory H. and Greenberg, Michael and Bromfield, Aleks and Krishnamurthi, Shriram},
	title = {Flapjax: A Programming Language for Ajax Applications},
	journal = {SIGPLAN Not.},
	issue_date = {October 2009},
	volume = {44},
	number = {10},
	month = oct,
	year = {2009},
	issn = {0362-1340},
	pages = {1--20},
	numpages = {20},
	url = {http://doi.acm.org/10.1145/1639949.1640091},
	doi = {10.1145/1639949.1640091},
	acmid = {1640091},
	publisher = {ACM},
	address = {New York, NY, USA},
	keywords = {functional reactive programming, javascript, web programming},
} 

@inproceedings{Salvaneschi:2014:RBO:2577080.2577083,
	author = {Salvaneschi, Guido and Hintz, Gerold and Mezini, Mira},
	title = {REScala: Bridging Between Object-oriented and Functional Style in Reactive Applications},
	booktitle = {Proceedings of the 13th International Conference on Modularity},
	series = {MODULARITY '14},
	year = {2014},
	isbn = {978-1-4503-2772-5},
	location = {Lugano, Switzerland},
	pages = {25--36},
	numpages = {12},
	url = {http://doi.acm.org/10.1145/2577080.2577083},
	doi = {10.1145/2577080.2577083},
	acmid = {2577083},
	publisher = {ACM},
	address = {New York, NY, USA},
	keywords = {event-driven programming, functional-reactive programming, scala},
} 

@inproceedings{Drechsler:2014:DRU:2660193.2660240,
	author = {Drechsler, Joscha and Salvaneschi, Guido and Mogk, Ragnar and Mezini, Mira},
	title = {Distributed REScala: An Update Algorithm for Distributed Reactive Programming},
	booktitle = {Proceedings of the 2014 ACM International Conference on Object Oriented Programming Systems Languages \& Applications},
	series = {OOPSLA '14},
	year = {2014},
	isbn = {978-1-4503-2585-1},
	location = {Portland, Oregon, USA},
	pages = {361--376},
	numpages = {16},
	url = {http://doi.acm.org/10.1145/2660193.2660240},
	doi = {10.1145/2660193.2660240},
	acmid = {2660240},
	publisher = {ACM},
	address = {New York, NY, USA},
	keywords = {distributed programming, reactive programming, scala},
} 

@inproceedings{Doblander:2015:GEA:2675743.2776757,
	author = {Doblander, Christoph and Parsch, Thomas and Jacobsen, Hans-Arno},
	title = {Geospatial Event Analytics Leveraging Reactive Programming},
	booktitle = {Proceedings of the 9th ACM International Conference on Distributed Event-Based Systems},
	series = {DEBS '15},
	year = {2015},
	isbn = {978-1-4503-3286-6},
	location = {Oslo, Norway},
	pages = {324--325},
	numpages = {2},
	url = {http://doi.acm.org/10.1145/2675743.2776757},
	doi = {10.1145/2675743.2776757},
	acmid = {2776757},
	publisher = {ACM},
	address = {New York, NY, USA},
	keywords = {DEBS grand challenge, complex event processing, event processing, publish/subscribe, reactive programming},
} 

@inproceedings{Schuster:2016:RPR:2892664.2892666,
	author = {Schuster, Christopher and Flanagan, Cormac},
	title = {Reactive Programming with Reactive Variables},
	booktitle = {Companion Proceedings of the 15th International Conference on Modularity},
	series = {MODULARITY Companion 2016},
	year = {2016},
	isbn = {978-1-4503-4033-5},
	location = {M\&\#225;laga, Spain},
	pages = {29--33},
	numpages = {5},
	url = {http://doi.acm.org/10.1145/2892664.2892666},
	doi = {10.1145/2892664.2892666},
	acmid = {2892666},
	publisher = {ACM},
	address = {New York, NY, USA},
	keywords = {JavaScript, Reactive Programming, Syntax Extension},
} 


@inproceedings{Kristaly:2008:WTW:1389586.1389663,
	author = {Kristaly, Dominic Mircea and Sisak, Francisc and Truican, Ion and Moraru, Sorin-Aurel and Sandu, Florin},
	title = {Web 2.0 Technologies in Web Application Development},
	booktitle = {Proceedings of the 1st International Conference on PErvasive Technologies Related to Assistive Environments},
	series = {PETRA '08},
	year = {2008},
	isbn = {978-1-60558-067-8},
	location = {Athens, Greece},
	pages = {65:1--65:4},
	articleno = {65},
	numpages = {4},
	url = {http://doi.acm.org/10.1145/1389586.1389663},
	doi = {10.1145/1389586.1389663},
	acmid = {1389663},
	publisher = {ACM},
	address = {New York, NY, USA},
	keywords = {AJAX, Butterfly, CMS, web, website},
} 








