
@misc{reactiveManifesto,
	author={Various Authors},
	title = {{The reactive manifesto}},
	howpublished = {\url{http://www.reactivemanifesto.org/}},
	note = {last accessed: 23-08-2017}
}
