@online{RxJs,
	title = {ReactiveX},
	date = {2018-01-21},
	url = {http://reactivex.io/},
}
@online{IntroReactive,
author = {Andr√© Staltz},
title = {The introduction to Reactive Programming you've been missing},
date = {2018-01-21},
url = {https://gist.github.com/staltz/868e7e9bc2a7b8c1f754},
}
@online{ReactiveWiki,	
	title = {Reactive Programming},
	date = {2018-01-21},
	url = {https://en.wikipedia.org/wiki/Reactive_programming},
}
@online{BaconJS,
title = {Bacon.js},
date = {2018-01-21},
url = {https://baconjs.github.io/},
}
@inproceedings{PaperSalvaneschiMezini,
	author = {Salvaneschi, Guido and Mezini, Mira},
	title = {Debugging for Reactive Programming},
	booktitle = {Proceedings of the 38th International Conference on Software Engineering},
	series = {ICSE '16},
	year = {2016},
	isbn = {978-1-4503-3900-1},
	location = {Austin, Texas},
	pages = {796--807},
	numpages = {12},
	url = {http://doi.acm.org/10.1145/2884781.2884815},
	doi = {10.1145/2884781.2884815},
	acmid = {2884815},
	publisher = {ACM},
	address = {New York, NY, USA},
	keywords = {debugging, functional-reactive programming},
} 
@misc{PaperHerman,
	author       = {Banken, Herman J},
	title        = {Debugging Data-Flows in Reactive Programs},
	month        = jul,
	year         = 2017,
	doi          = {10.5281/zenodo.814981},
	url          = {https://doi.org/10.5281/zenodo.814981}
}
