
@misc{reactiveManifesto,
	author={Various Authors},
	title = {{The reactive manifesto}},
	howpublished = {\url{http://www.reactivemanifesto.org/}},
	note = {last accessed: 08-02-2017}
}

@inproceedings{Zanarini:2014:MRS:2637113.2637120,
	author = {Zanarini, Dante and Jaskelioff, Mauro},
	title = {Monitoring Reactive Systems with Dynamic Channels},
	booktitle = {Proceedings of the Ninth Workshop on Programming Languages and Analysis for Security},
	series = {PLAS'14},
	year = {2014},
	isbn = {978-1-4503-2862-3},
	location = {Uppsala, Sweden},
	pages = {66:66--66:78},
	articleno = {66},
	numpages = {13},
	url = {http://doi.acm.org/10.1145/2637113.2637120},
	doi = {10.1145/2637113.2637120},
	acmid = {2637120},
	publisher = {ACM},
	address = {New York, NY, USA},
	keywords = {Dynamic Channels, Information Flow, Reactive Systems},
}

@article{Winograd:1979:BPL:359131.359133,
	author = {Winograd, Terry},
	title = {Beyond Programming Languages},
	journal = {Commun. ACM},
	issue_date = {July 1979},
	volume = {22},
	number = {7},
	month = jul,
	year = {1979},
	issn = {0001-0782},
	pages = {391--401},
	numpages = {11},
	url = {http://doi.acm.org/10.1145/359131.359133},
	doi = {10.1145/359131.359133},
	acmid = {359133},
	publisher = {ACM},
	address = {New York, NY, USA},
	keywords = {programming, programming languages, programming systems, systems development},
} 



@book{Gamma:1995:DPE:186897,
	author = {Gamma, Erich and Helm, Richard and Johnson, Ralph and Vlissides, John},
	title = {Design Patterns: Elements of Reusable Object-oriented Software},
	year = {1995},
	isbn = {0-201-63361-2},
	publisher = {Addison-Wesley Longman Publishing Co., Inc.},
	address = {Boston, MA, USA},
}

@inproceedings{Kambona:2013:ERP:2489798.2489802,
	author = {Kambona, Kennedy and Boix, Elisa Gonzalez and De Meuter, Wolfgang},
	title = {An Evaluation of Reactive Programming and Promises for Structuring Collaborative Web Applications},
	booktitle = {Proceedings of the 7th Workshop on Dynamic Languages and Applications},
	series = {DYLA '13},
	year = {2013},
	isbn = {978-1-4503-2041-2},
	location = {Montpellier, France},
	pages = {3:1--3:9},
	articleno = {3},
	numpages = {9},
	url = {http://doi.acm.org/10.1145/2489798.2489802},
	doi = {10.1145/2489798.2489802},
	acmid = {2489802},
	publisher = {ACM},
	address = {New York, NY, USA},
	keywords = {Javascript, behaviours, callbacks, event streams, futures, promises, reactive programming},
} 

@misc{ecmaScriptPromise,
	author={Ecma International},
	title = {{ECMAScript Promise}},
	howpublished = {\url{https://developer.mozilla.org/en/docs/Web/JavaScript/Reference/Global_Objects/Promise}},
	note = {last accessed: 14-02-2017}
}

@Rreport{EPFL-REPORT-176887,
	author = {Maier, Ingo and Odersky, Martin },
	title = {Deprecating the Observer Pattern with Scala.react},
	type = {Technical report},
	Institution = {EPFL},
	year = {2012},
	
}

@Rreport{SMLI-TR-2007-166,
	author = {Mikkonen, Tommi and Taivalsaari, Antero },
	title = {Web Applications - Spaghetti Code for the 21st Century},
	type = {Technical report},
	Institution = {Sun microsystems},
	year = {2007},
	
}


@inproceedings{Edwards:2009:CR:1639950.1640058,
	author = {Edwards, Jonathan},
	title = {Coherent Reaction},
	booktitle = {Proceedings of the 24th ACM SIGPLAN Conference Companion on Object Oriented Programming Systems Languages and Applications},
	series = {OOPSLA '09},
	year = {2009},
	isbn = {978-1-60558-768-4},
	location = {Orlando, Florida, USA},
	pages = {925--932},
	numpages = {8},
	url = {http://doi.acm.org/10.1145/1639950.1640058},
	doi = {10.1145/1639950.1640058},
	acmid = {1640058},
	publisher = {ACM},
	address = {New York, NY, USA},
	keywords = {bidirectional functions, functional reactive programming, interactive systems, reactive systems, synchronous reactive programming, trees},
}

@article{Bainomugisha:2013:SRP:2501654.2501666,
	author = {Bainomugisha, Engineer and Carreton, Andoni Lombide and Cutsem, Tom van and Mostinckx, Stijn and Meuter, Wolfgang de},
	title = {A Survey on Reactive Programming},
	journal = {ACM Comput. Surv.},
	issue_date = {August 2013},
	volume = {45},
	number = {4},
	month = aug,
	year = {2013},
	issn = {0360-0300},
	pages = {52:1--52:34},
	articleno = {52},
	numpages = {34},
	url = {http://doi.acm.org/10.1145/2501654.2501666},
	doi = {10.1145/2501654.2501666},
	acmid = {2501666},
	publisher = {ACM},
	address = {New York, NY, USA},
	keywords = {Reactive programming, dataflow programming, event-driven applications, functional reactive programming, interactive applications, reactive systems},
}

@misc{reactivex,
	author={Rx},
	title = {{ReactiveX}},
	howpublished = {\url{http://reactivex.io/intro.html}},
	note = {last accessed: 08-02-2017}
}

@misc{ReactiveXobservable,
	author={Rx},
	title = {{ReactiveX Observable}},
	howpublished = {\url{http://reactivex.io/documentation/observable.html}},
	note = {last accessed: 09-03-2017}
}

@misc{rxjs,
	author={Reactive-Extensions},
	title = {{RxJS}},
	howpublished = {\url{https://github.com/Reactive-Extensions/RxJS}},
	note = {last accessed: 08-02-2017}
}

@misc{reactivexOperators,
	author={Rx},
	title = {{ReactiveX Operators}},
	howpublished = {\url{http://reactivex.io/documentation/operators.html}},
	note = {last accessed: 10-02-2017}
}
@misc{Underscorejs,
	author={Jeremy Ashkenas},
	title = {{Underscore.Js}},
	howpublished = {\url{http://underscorejs.org}},
	note = {last accessed: 10-02-2017}
}
@misc{GithubFRP,
	author={Github},
	title = {{FRP}},
	howpublished = {\url{https://en.wikipedia.org/wiki/Functional_reactive_programming}},
	note = {last accessed: 10-02-2017}
}
@misc{BaconJs,
	author={Bacon},
	title = {{Bacon.js}},
	howpublished = {\url{https://baconjs.github.io/}},
	note = {last accessed: 03-06-2017}
}
@misc{BaconProperty,
	author={Bacon},
	title = {{Bacon Property}},
	howpublished = {\url{https://baconjs.github.io/api.html#property}},
	note = {last accessed: 10-02-2017}
}
@book{vanderburg1996tricks,
	title={Tricks of the Java Programming Gurus},
	author={Vanderburg, G.L.},
	isbn={9781575211022},
	lccn={96067546},
	series={Tricks of the Java Programming Gurus},
	url={https://books.google.de/books?id=Gxt\_QgAACAAJ},
	year={1996},
	publisher={Sams.net}
}
@inproceedings{Salvaneschi:2016:DRP:2884781.2884815,
	author = {Salvaneschi, Guido and Mezini, Mira},
	title = {Debugging for Reactive Programming},
	booktitle = {Proceedings of the 38th International Conference on Software Engineering},
	series = {ICSE '16},
	year = {2016},
	isbn = {978-1-4503-3900-1},
	location = {Austin, Texas},
	pages = {796--807},
	numpages = {12},
	url = {http://doi.acm.org/10.1145/2884781.2884815},
	doi = {10.1145/2884781.2884815},
	acmid = {2884815},
	publisher = {ACM},
	address = {New York, NY, USA},
	keywords = {debugging, functional-reactive programming},
}
@misc{StaltzAticleHowToDebugRxJS,
	author={Staltz},
	title = {{How to debug RxJS}},
	howpublished = {\url{http://staltz.com/how-to-debug-rxjs-code.html}},
	note = {last accessed: 10-02-2017}
}
@misc{StaltzMarbleDiagrams,
	author={Staltz},
	title = {{Marble Diagrams}},
	howpublished = {\url{http://rxmarbles.com}},
	note = {last accessed: 10-02-2017}
}
@misc{GithubRxvision,
	author={Forsyth, Jared},
	title = {{RxVision}},
	howpublished = {\url{https://github.com/jaredly/rxvision}},
	note = {last accessed: 10-02-2017}
}
@misc{PlaygroundRxvision,
	author={Forsyth, Jared},
	title = {{RxVision Playgound}},
	howpublished = {\url{http://jaredforsyth.com/rxvision/examples/playground/}},
	note = {last accessed: 10-02-2017}
}
@misc{GithubCycleJsDevtool,
	author={Staltzs},
	title = {{Cycle.Js Devtool}},
	howpublished = {\url{https://github.com/cyclejs/cyclejs/tree/master/devtool}},
	note = {last accessed: 10-02-2017}
}
@misc{CycleJs,
	author={Staltzs},
	title = {{Cycle.Js}},
	howpublished = {\url{https://cycle.js.org}},
	note = {last accessed: 10-02-2017}
}
@misc{ReactFacebook,
	author={Facebook},
	title = {{React}},
	howpublished = {\url{https://facebook.github.io/react/}},
	note = {last accessed: 10-02-2017}
}
@misc{ReactFacebookChrome,
	author={Facebook},
	title = {{React Chrome Developer Tools}},
	howpublished = {\url{https://facebook.github.io/react/blog/2014/01/02/react-chrome-developer-tools.html
	}},
	note = {last accessed: 10-02-2017}
}

@article{Richards:2010:ADB:1809028.1806598,
	author = {Richards, Gregor and Lebresne, Sylvain and Burg, Brian and Vitek, Jan},
	title = {An Analysis of the Dynamic Behavior of JavaScript Programs},
	journal = {SIGPLAN Not.},
	issue_date = {June 2010},
	volume = {45},
	number = {6},
	month = jun,
	year = {2010},
	issn = {0362-1340},
	pages = {1--12},
	numpages = {12},
	url = {http://doi.acm.org/10.1145/1809028.1806598},
	doi = {10.1145/1809028.1806598},
	acmid = {1806598},
	publisher = {ACM},
	address = {New York, NY, USA},
	keywords = {dynamic behavior, dynamic metrics, execution tracing, javascript, program analysis},
}
@misc{NodeJs,
	author={Node.js Developers},
	title = {{Node.js}},
	howpublished = {\url{https://nodejs.org}},
	note = {last accessed: 12-02-2017}
}

@inproceedings{Sen:2013:JSR:2491411.2491447,
	author = {Sen, Koushik and Kalasapur, Swaroop and Brutch, Tasneem and Gibbs, Simon},
	title = {Jalangi: A Selective Record-replay and Dynamic Analysis Framework for JavaScript},
	booktitle = {Proceedings of the 2013 9th Joint Meeting on Foundations of Software Engineering},
	series = {ESEC/FSE 2013},
	year = {2013},
	isbn = {978-1-4503-2237-9},
	location = {Saint Petersburg, Russia},
	pages = {488--498},
	numpages = {11},
	url = {http://doi.acm.org/10.1145/2491411.2491447},
	doi = {10.1145/2491411.2491447},
	acmid = {2491447},
	publisher = {ACM},
	address = {New York, NY, USA},
	keywords = {Concolic Testing, Dynamic Analysis, JavaScript, Record and Repla},
}

@INPROCEEDINGS{6068340, 
	author={A. Taivalsaari and T. Mikkonen}, 
	booktitle={2011 37th EUROMICRO Conference on Software Engineering and Advanced Applications}, 
	title={The Web as an Application Platform: The Saga Continues}, 
	year={2011}, 
	pages={170-174}, 
	keywords={Internet;Web sites;document handling;HTML5;Saga;Web technologies;WebGL;World Wide Web;application platform;binary programs;content distribution environment;document sharing system;end user software;information distribution;information sharing;interactive Web applications;software platform;Browsers;Graphics;Software;Standards;Three dimensional displays;Web pages;HTML5;WebGL;web evolution;web programming;web-based software development}, 
	doi={10.1109/SEAA.2011.35}, 
	ISSN={1089-6503}, 
	month={Aug},}


@misc{TiobeIndex,
	author={TIOBE},
	title = {{Tiobe index for february 2017}},
	howpublished = {\url{http://www.tiobe.com/tiobe-index/}},
	note = {last accessed: 13-02-2017}
}

@BOOK{White2010,
	AUTHOR = {White, Alexei},
	YEAR = {2010},
	TITLE = {JavaScript Programmer's Reference},
	EDITION = {},
	ISBN = {978-0-470-57784-4},
	PUBLISHER = {John Wiley \& Sons},
	ADDRESS = {New York},
}

@inproceedings{Schafer:2012:RTD:2328876.2328885,
	author = {Sch\"{a}fer, Max},
	title = {Refactoring Tools for Dynamic Languages},
	booktitle = {Proceedings of the Fifth Workshop on Refactoring Tools},
	series = {WRT '12},
	year = {2012},
	isbn = {978-1-4503-1500-5},
	location = {Rapperswil, Switzerland},
	pages = {59--62},
	numpages = {4},
	url = {http://doi.acm.org/10.1145/2328876.2328885},
	doi = {10.1145/2328876.2328885},
	acmid = {2328885},
	publisher = {ACM},
	address = {New York, NY, USA},
	keywords = {dynamic languages, refactoring, refactoring tools, static analysis},
} 

@misc{W3DOM,
	author={W3C DOM},
	title = {Document Object Model},
howpublished = {\url{https://www.w3.org/DOM/}},
note = {last accessed: 14-02-2017}
}

@article{Pothier:2007:SOD:1297105.1297067,
	author = {Pothier, Guillaume and Tanter, \'{E}ric and Piquer, Jos{\'e}},
	title = {Scalable Omniscient Debugging},
	journal = {SIGPLAN Not.},
	issue_date = {October 2007},
	volume = {42},
	number = {10},
	month = oct,
	year = {2007},
	issn = {0362-1340},
	pages = {535--552},
	numpages = {18},
	url = {http://doi.acm.org/10.1145/1297105.1297067},
	doi = {10.1145/1297105.1297067},
	acmid = {1297067},
	publisher = {ACM},
	address = {New York, NY, USA},
	keywords = {execution traces, interface components, omniscient debugging, partial traces, scalability, specialized distributed database},
} 

@Inbook{Pothier2011,
	author="Pothier, Guillaume
	and Tanter, {\'E}ric",
	editor="Mezini, Mira",
	title="Summarized Trace Indexing and Querying for Scalable Back-in-Time Debugging",
	bookTitle="ECOOP 2011 -- Object-Oriented Programming: 25th European Conference, Lancaster, Uk, July 25-29, 2011 Proceedings",
	year="2011",
	publisher="Springer Berlin Heidelberg",
	address="Berlin, Heidelberg",
	pages="558--582",
	isbn="978-3-642-22655-7",
	doi="10.1007/978-3-642-22655-7_26",
	url="http://dx.doi.org/10.1007/978-3-642-22655-7_26"
}

@Inbook{Lienhard2008,
	author="Lienhard, Adrian
	and G{\^i}rba, Tudor
	and Nierstrasz, Oscar",
	editor="Vitek, Jan",
	title="Practical Object-Oriented Back-in-Time Debugging",
	bookTitle="ECOOP 2008 -- Object-Oriented Programming: 22nd European Conference Paphos, Cyprus, July 7-11, 2008 Proceedings",
	year="2008",
	publisher="Springer Berlin Heidelberg",
	address="Berlin, Heidelberg",
	pages="592--615",
	isbn="978-3-540-70592-5",
	doi="10.1007/978-3-540-70592-5_25",
	url="http://dx.doi.org/10.1007/978-3-540-70592-5_25"
}

@INPROCEEDINGS{6983851, 
	author={B. Siegmund and M. Perscheid and M. Taeumel and R. Hirschfeld}, 
	booktitle={2014 IEEE International Symposium on Software Reliability Engineering Workshops}, 
	title={Studying the Advancement in Debugging Practice of Professional Software Developers}, 
	year={2014}, 
	pages={269-274}, 
	keywords={DP management;computer operating procedures;computer science;program debugging;software engineering;automatic fault localization methods;back-in-time debuggers;computer science;debugging practice;debugging technologies;large-scale online debugging;professional software developers;Companies;Computer bugs;Debugging;Education;Java;Navigation;Software;Debugging;Empirical Study;Program Comprehension;Survey}, 
	doi={10.1109/ISSREW.2014.36}, 
	month={Nov},}

@inproceedings{Ressia:2012:OD:2337223.2337280,
	author = {Ressia, Jorge and Bergel, Alexandre and Nierstrasz, Oscar},
	title = {Object-centric Debugging},
	booktitle = {Proceedings of the 34th International Conference on Software Engineering},
	series = {ICSE '12},
	year = {2012},
	isbn = {978-1-4673-1067-3},
	location = {Zurich, Switzerland},
	pages = {485--495},
	numpages = {11},
	url = {http://dl.acm.org/citation.cfm?id=2337223.2337280},
	acmid = {2337280},
	publisher = {IEEE Press},
	address = {Piscataway, NJ, USA},
} 

@article{Meyerovich:2009:FPL:1639949.1640091,
	author = {Meyerovich, Leo A. and Guha, Arjun and Baskin, Jacob and Cooper, Gregory H. and Greenberg, Michael and Bromfield, Aleks and Krishnamurthi, Shriram},
	title = {Flapjax: A Programming Language for Ajax Applications},
	journal = {SIGPLAN Not.},
	issue_date = {October 2009},
	volume = {44},
	number = {10},
	month = oct,
	year = {2009},
	issn = {0362-1340},
	pages = {1--20},
	numpages = {20},
	url = {http://doi.acm.org/10.1145/1639949.1640091},
	doi = {10.1145/1639949.1640091},
	acmid = {1640091},
	publisher = {ACM},
	address = {New York, NY, USA},
	keywords = {functional reactive programming, javascript, web programming},
} 

@ARTICLE{6840828, 
	author={G. Salvaneschi and P. Eugster and M. Mezini}, 
	journal={IEEE Software}, 
	title={Programming with Implicit Flows}, 
	year={2014}, 
	volume={31}, 
	number={5}, 
	pages={52-59}, 
	keywords={software engineering;computation modules;data consumer module;data flow management;data flow optimization;data producer module;implicit flows programming;programming models;software development;static input data-sets;Big data;Computational modeling;Data models;Market research;Programming;Runtime;Software engineering;big data;data-flow;event;programming languages;reactive programming;software engineering;stream}, 
	doi={10.1109/MS.2014.101}, 
	ISSN={0740-7459}, 
	month={Sept},}

@inproceedings{Margara:2014:WDD:2611286.2611290,
	author = {Margara, Alessandro and Salvaneschi, Guido},
	title = {We Have a DREAM: Distributed Reactive Programming with Consistency Guarantees},
	booktitle = {Proceedings of the 8th ACM International Conference on Distributed Event-Based Systems},
	series = {DEBS '14},
	year = {2014},
	isbn = {978-1-4503-2737-4},
	location = {Mumbai, India},
	pages = {142--153},
	numpages = {12},
	url = {http://doi.acm.org/10.1145/2611286.2611290},
	doi = {10.1145/2611286.2611290},
	acmid = {2611290},
	publisher = {ACM},
	address = {New York, NY, USA},
	keywords = {consistency guarantees, distributed reactive programming, dream, event-based middleware, glitch-freedom},
} 
@ARTICLE{7827078, 
	author={G. Salvaneschi and S. Proksch and S. Amann and S. Nadi and M. Mezini}, 
	journal={IEEE Transactions on Software Engineering}, 
	title={On the Positive Effect of Reactive Programming on Software Comprehension: An Empirical Study}, 
	year={2017}, 
	volume={PP}, 
	number={99}, 
	pages={1-1}, 
	keywords={Observers;Programming;Reactive power;Registers;Robot sensing systems;Runtime;Software;Controlled Experiment;Empirical Study;Reactive Programming;Software Comprehension}, 
	doi={10.1109/TSE.2017.2655524}, 
	ISSN={0098-5589}, 
	month={},}

@article{Elliott:1997:FRA:258949.258973,
	author = {Elliott, Conal and Hudak, Paul},
	title = {Functional Reactive Animation},
	journal = {SIGPLAN Not.},
	issue_date = {Aug. 1997},
	volume = {32},
	number = {8},
	month = aug,
	year = {1997},
	issn = {0362-1340},
	pages = {263--273},
	numpages = {11},
	url = {http://doi.acm.org/10.1145/258949.258973},
	doi = {10.1145/258949.258973},
	acmid = {258973},
	publisher = {ACM},
	address = {New York, NY, USA},
} 

@Inbook{Cooper2006,
	author="Cooper, Gregory H.
	and Krishnamurthi, Shriram",
	editor="Sestoft, Peter",
	title="Embedding Dynamic Dataflow in a Call-by-Value Language",
	bookTitle="Programming Languages and Systems: 15th European Symposium on Programming, ESOP 2006, Held as Part of the Joint European Conferences on Theory and Practice of Software, ETAPS 2006, Vienna, Austria, March 27-28, 2006. Proceedings",
	year="2006",
	publisher="Springer Berlin Heidelberg",
	address="Berlin, Heidelberg",
	pages="294--308",
	isbn="978-3-540-33096-7",
	doi="10.1007/11693024_20",
	url="http://dx.doi.org/10.1007/11693024_20"
}

@inproceedings{Salvaneschi:2014:RBO:2577080.2577083,
	author = {Salvaneschi, Guido and Hintz, Gerold and Mezini, Mira},
	title = {REScala: Bridging Between Object-oriented and Functional Style in Reactive Applications},
	booktitle = {Proceedings of the 13th International Conference on Modularity},
	series = {MODULARITY '14},
	year = {2014},
	isbn = {978-1-4503-2772-5},
	location = {Lugano, Switzerland},
	pages = {25--36},
	numpages = {12},
	url = {http://doi.acm.org/10.1145/2577080.2577083},
	doi = {10.1145/2577080.2577083},
	acmid = {2577083},
	publisher = {ACM},
	address = {New York, NY, USA},
	keywords = {event-driven programming, functional-reactive programming, scala},
} 

@Inbook{Rajan2008,
	author="Rajan, Hridesh
	and Leavens, Gary T.",
	editor="Vitek, Jan",
	title="Ptolemy: A Language with Quantified, Typed Events",
	bookTitle="ECOOP 2008 -- Object-Oriented Programming: 22nd European Conference Paphos, Cyprus, July 7-11, 2008 Proceedings",
	year="2008",
	publisher="Springer Berlin Heidelberg",
	address="Berlin, Heidelberg",
	pages="155--179",
	isbn="978-3-540-70592-5",
	doi="10.1007/978-3-540-70592-5_8",
	url="http://dx.doi.org/10.1007/978-3-540-70592-5_8"
}

@Inbook{Eugster2009,
	author="Eugster, Patrick
	and Jayaram, K. R.",
	editor="Drossopoulou, Sophia",
	title="EventJava: An Extension of Java for Event Correlation",
	bookTitle="ECOOP 2009 -- Object-Oriented Programming: 23rd European Conference, Genoa, Italy, July 6-10, 2009. Proceedings",
	year="2009",
	publisher="Springer Berlin Heidelberg",
	address="Berlin, Heidelberg",
	pages="570--594",
	isbn="978-3-642-03013-0",
	doi="10.1007/978-3-642-03013-0_26",
	url="http://dx.doi.org/10.1007/978-3-642-03013-0_26"
}

@inproceedings{Gasiunas:2011:EME:1960275.1960303,
	author = {Gasiunas, Vaidas and Satabin, Lucas and Mezini, Mira and N\'{u}\~{n}ez, Angel and Noy{\'e}, Jacques},
	title = {EScala: Modular Event-driven Object Interactions in Scala},
	booktitle = {Proceedings of the Tenth International Conference on Aspect-oriented Software Development},
	series = {AOSD '11},
	year = {2011},
	isbn = {978-1-4503-0605-8},
	location = {Porto de Galinhas, Brazil},
	pages = {227--240},
	numpages = {14},
	url = {http://doi.acm.org/10.1145/1960275.1960303},
	doi = {10.1145/1960275.1960303},
	acmid = {1960303},
	publisher = {ACM},
	address = {New York, NY, USA},
	keywords = {aspect-oriented programming, event-driven programming},
} 

@inproceedings{Zhuang:2013:MSS:2451436.2451460,
	author = {Zhuang, YungYu and Chiba, Shigeru},
	title = {Method Slots: Supporting Methods, Events, and Advices by a Single Language Construct},
	booktitle = {Proceedings of the 12th Annual International Conference on Aspect-oriented Software Development},
	series = {AOSD '13},
	year = {2013},
	isbn = {978-1-4503-1766-5},
	location = {Fukuoka, Japan},
	pages = {197--208},
	numpages = {12},
	url = {http://doi.acm.org/10.1145/2451436.2451460},
	doi = {10.1145/2451436.2451460},
	acmid = {2451460},
	publisher = {ACM},
	address = {New York, NY, USA},
	keywords = {aspect-oriented programming, event-driven programming},
} 

@misc{CDT,
	author={Google},
	title = {{Chrome Developer Tools}},
	howpublished = {\url{https://developer.chrome.com/devtools}},
	note = {last accessed: 15-03-2017}
}

@misc{CCDT,
	author={Google},
	title = {{Using the Console - Chrome Developer Tools}},
	howpublished = {\url{https://developers.google.com/web/tools/chrome-devtools/console/}},
	note = {last accessed: 15-03-2017}
}

@misc{JSDebCDT,
	author={Google},
	title = {{Get Started with Debugging JavaScript in Chrome DevTools}},
	howpublished = {\url{https://developers.google.com/web/tools/chrome-devtools/javascript/}},
	note = {last accessed: 15-03-2017}
}


@misc{CDJAPIs,
	author={Google},
	title = {{Chrome DevTools - JavaScript APIs}},
	howpublished = {\url{https://developer.chrome.com/extensions/api_index}},
	note = {last accessed: 18-03-2017}
}

@misc{CDSampExt,
	author={Google},
	title = {{Chrome DevTools - Sample Extensions}},
	howpublished = {\url{https://developer.chrome.com/extensions/samples#devtools}},
	note = {last accessed: 18-03-2017}
}

@misc{CDMesgPassing,
	author={Google},
	title = {{Chrome DevTools - Message Passing}},
	howpublished = {\url{https://developer.chrome.com/extensions/messaging}},
	note = {last accessed: 18-03-2017}
}


@misc{dojo,
	author={JS Foundation},
	title = {{Dojo Toolkit}},
	howpublished = {\url{https://dojotoolkit.org}},
	note = {last accessed: 19-03-2017}
}

@misc{jqueryaop,
	author={gonzalocasas},
	title = {{jQuery AOP}},
	howpublished = {\url{https://github.com/gonzalocasas/jquery-aop}},
	note = {last accessed: 19-03-2017}
}

@misc{AspectJs,
	author={Dodeca Technologies Ltd},
	title = {{AspectJs - Proxies in JavaScript}},
	howpublished = {\url{http://www.aspectjs.com/index.htm}},
	note = {last accessed: 19-03-2017}
}


@misc{JSConfNodeJS,
	author={Ryan Dahl},
	title = {{Node.js by Ryan Dahl - JSConf in Berlin}},
	howpublished = {\url{http://www.jsconf.eu/2009/video_nodejs_by_ryan_dahl.htm}},
	note = {last accessed: 28-03-2017}
}




@Book{teixeira2012professional,
	author = {Teixeira, Pedro},
	title = {Professional Node.js : building Javascript based scalable software},
	publisher = {Wiley John Wiley distributor},
	year = {2012},
	address = {Hoboken, N.J. Chichester},
	isbn = {978-1-118-18546-9}
}

@Book{cantelon2014node.js,
	author = {Cantelon, Mike},
	title = {Node.js in action},
	publisher = {Manning},
	year = {2014},
	address = {Shelter Island},
	isbn = {9781617290572}
}

@inproceedings{Ortiz:2014:SWD:2538862.2539001,
	author = {Ortiz, Ariel},
	title = {Server-side Web Development with JavaScript and Node.Js (Abstract Only)},
	booktitle = {Proceedings of the 45th ACM Technical Symposium on Computer Science Education},
	series = {SIGCSE '14},
	year = {2014},
	isbn = {978-1-4503-2605-6},
	location = {Atlanta, Georgia, USA},
	pages = {747--747},
	numpages = {1},
	url = {http://doi.acm.org/10.1145/2538862.2539001},
	doi = {10.1145/2538862.2539001},
	acmid = {2539001},
	publisher = {ACM},
	address = {New York, NY, USA},
	keywords = {JavaScript, node.js, server-side programming},
} 


@INPROCEEDINGS{1421034, 
	author={M. A. Storey}, 
	booktitle={13th International Workshop on Program Comprehension (IWPC'05)}, 
	title={Theories, methods and tools in program comprehension: past, present and future}, 
	year={2005}, 
	pages={181-191}, 
	keywords={cognition;reverse engineering;software tools;human characteristics;program characteristics;program comprehension tools;Buildings;Computer science;Conferences;Electronic mail;History;Humans;Programming profession;Silver;Software engineering;Software tools}, 
	doi={10.1109/WPC.2005.38}, 
	ISSN={1092-8138}, 
	month={May},}

@INPROCEEDINGS{6032450, 
	author={C. McMillan and M. Grechanik and D. Poshyvanyk and Q. Xie and C. Fu}, 
	booktitle={2011 33rd International Conference on Software Engineering (ICSE)}, 
	title={Portfolio: finding relevant functions and their usage}, 
	year={2011}, 
	pages={111-120}, 
	keywords={data visualisation;information retrieval;search engines;statistical analysis;Google code search;Koders;Portfolio code search system;Portfolio function;Portfolio usage;code reuse;code search engine;function retrieval;function visualization;statistical significance;Google;Navigation;Portfolios;Search engines;Storage area networks;Visualization;code search;function call graph;pagerank;portfolio;ranking}, 
	doi={10.1145/1985793.1985809}, 
	ISSN={0270-5257}, 
	month={May},}

@ARTICLE{6772122, 
	author={J. W. Davison and D. M. Mancl and W. F. Opdyke}, 
	journal={Bell Labs Technical Journal}, 
	title={Understanding and addressing the essential costs of evolving systems}, 
	year={2000}, 
	volume={5}, 
	number={2}, 
	pages={44-54}, 
	doi={10.1002/bltj.2221}, 
	ISSN={1089-7089}, 
	month={April},}

@INPROCEEDINGS{674156, 
	author={R. R. Pucella}, 
	booktitle={Proceedings of the 1998 International Conference on Computer Languages (Cat. No.98CB36225)}, 
	title={Reactive programming in Standard ML}, 
	year={1998}, 
	pages={48-57}, 
	keywords={functional languages;functional programming;software libraries;software prototyping;Standard ML;activations;input events;instants;low level system;output events;programming languages;reactive behavior;reactive languages;reactive programming;reactive systems;Computer languages;Delay effects;Keyboards;Libraries;Maintenance;Mice;Programming profession;Prototypes;Read only memory;User interfaces}, 
	doi={10.1109/ICCL.1998.674156}, 
	ISSN={1074-8970}, 
	month={May},}

@book{9780321910578,
	Author = {Marc Wandschneider},
	Title = {Learning Node.js: A Hands-On Guide to Building Web Applications in JavaScript},
	Publisher = {Addison-Wesley Professional},
	Year = {2013},
	ISBN = {},
	URL = {https://www.amazon.com/Learning-Node-js-Hands-Applications-JavaScript-ebook/dp/B00DI9SVS8?SubscriptionId=0JYN1NVW651KCA56C102&tag=techkie-20&linkCode=xm2&camp=2025&creative=165953&creativeASIN=B00DI9SVS8}
}

